@INPROCEEDINGS{Dai:IROS:2013,
author={W. Dai and Y. Sun and X. Qian},
booktitle={2013 IEEE/RSJ International Conference on Intelligent Robots and Systems},
title={Functional analysis of grasping motion},
year={2013},
volume={},
number={},
pages={3507-3513},
keywords={data gloves;functional analysis;pattern clustering;principal component analysis;Cutkosky grasp taxonomy;PCA-based approach;PCA-plus-fPCA space;data-driven taxonomy;functional grasping motion analysis;functional principal component analysis;grasp types;grasping motion collection;grasping motion representation;low-dimensional space;motion dynamic features;naturally clustered grasping motion trajectories;ten-fold cross validation approach;Dynamics;Grasping;Joints;Principal component analysis;Robots;Taxonomy;Trajectory},
doi={10.1109/IROS.2013.6696856},
ISSN={2153-0858},
month={Nov},}

@ARTICLE{Averta:FRAI:2017,
AUTHOR={Averta, Giuseppe and Della Santina, Cosimo and Battaglia, Edoardo and Felici, Federica and Bianchi, Matteo and Bicchi, Antonio},   
TITLE={Unvealing the Principal Modes of Human Upper Limb Movements through Functional Analysis},      
JOURNAL={Frontiers in Robotics and AI},      
VOLUME={4},      
PAGES={37},     
YEAR={2017},      
URL={https://www.frontiersin.org/article/10.3389/frobt.2017.00037},       
DOI={10.3389/frobt.2017.00037},      
ISSN={2296-9144},   
}


@article{khansari2011learning,
  title={Learning stable nonlinear dynamical systems with gaussian mixture models},
  author={Khansari-Zadeh, S Mohammad and Billard, Aude},
  journal={IEEE Transactions on Robotics},
  volume={27},
  number={5},
  pages={943--957},
  year={2011},
  publisher={IEEE}
}


@Article{EPFL-ARTICLE-148817,

   affiliation = {EPFL},
   author      = {Gribovskaya, Elena and Khansari Zadeh, S. M. and Billard, Aude},
   doi         = {NA},
   issn        = {0278-3649},
   journal     = {International {J}ournal of {R}obotics {R}esearch},
   keywords    = {Non-Linear Autonomous Dynamical Systems;; Learning by Imitation},
   publisher   = {SAGE Publications},
   review      = {REVIEWED},
   status      = {PUBLISHED},
   submitter   = {173137; 173137; 173137; 173137},
   title       = {Learning {N}onlinear {M}ultivariate {D}ynamics of
                 {M}otion in {R}obotic {M}anipulators [accepted]},
   year        = 2010
}
