@book{kelly2006control,
  title={Control of robot manipulators in joint space},
  author={Kelly, Rafael and Davila, Victor Santib{\'a}{\~n}ez and Perez, Julio Antonio Lor{\'\i}a},
  year={2006},
  publisher={Springer Science \& Business Media}
}

@incollection{billard2008robot,
  title={Robot programming by demonstration},
  author={Billard, Aude and Calinon, Sylvain and Dillmann, Ruediger and Schaal, Stefan},
  booktitle={Springer handbook of robotics},
  pages={1371--1394},
  year={2008},
  publisher={Springer}
}

@article{buss2004introduction,
  title={Introduction to inverse kinematics with jacobian transpose, pseudoinverse and damped least squares methods},
  author={Buss, Samuel R},
  journal={IEEE Journal of Robotics and Automation},
  volume={17},
  number={1-19},
  pages={16},
  year={2004}
}

@article{guglielmo1996theory,
  title={Theory and implementation of a repetitive robot controller with cartesian trajectory description},
  author={Guglielmo, Kennon and Sadegh, Nader},
  journal={Journal of Dynamic Systems, Measurement, and Control},
  volume={118},
  number={1},
  pages={15--21},
  year={1996},
  publisher={American Society of Mechanical Engineers}
}

@inproceedings{gielniak2010stylized,
  title={Stylized motion generalization through adaptation of velocity profiles},
  author={Gielniak, Michael J and Liu, C Karen and Thomaz, Andrea L},
  booktitle={19th International Symposium in Robot and Human Interactive Communication},
  pages={304--309},
  year={2010},
  organization={IEEE}
}

@inproceedings{grochow2004style,
  title={Style-based inverse kinematics},
  author={Grochow, Keith and Martin, Steven L and Hertzmann, Aaron and Popovi{\'c}, Zoran},
  booktitle={ACM transactions on graphics (TOG)},
  volume={23},
  number={3},
  pages={522--531},
  year={2004},
  organization={ACM}
}

@inproceedings{brand2000style,
  title={Style machines},
  author={Brand, Matthew and Hertzmann, Aaron},
  booktitle={Proceedings of the 27th annual conference on Computer graphics and interactive techniques},
  pages={183--192},
  year={2000},
  organization={ACM Press/Addison-Wesley Publishing Co.}
}

@article{liu2005learning,
  title={Learning physics-based motion style with nonlinear inverse optimization},
  author={Liu, C Karen and Hertzmann, Aaron and Popovi{\'c}, Zoran},
  journal={ACM Transactions on Graphics (TOG)},
  volume={24},
  number={3},
  pages={1071--1081},
  year={2005},
  publisher={ACM}
}

@article{khansari2011learning,
  title={Learning stable nonlinear dynamical systems with gaussian mixture models},
  author={Khansari-Zadeh, S Mohammad and Billard, Aude},
  journal={IEEE Transactions on Robotics},
  volume={27},
  number={5},
  pages={943--957},
  year={2011},
  publisher={IEEE}
}

@inproceedings{calinon2008probabilistic,
  title={A probabilistic programming by demonstration framework handling constraints in joint space and task space},
  author={Calinon, Sylvain and Billard, Aude},
  booktitle={IROS 2008},
  pages={367--372},
  year={2008},
}

@article{sciavicco1988solution,
  title={A solution algorithm to the inverse kinematic problem for redundant manipulators},
  author={Sciavicco, Lorenzo and Siciliano, Bruno},
  journal={IEEE Journal on Robotics and Automation},
  volume={4},
  number={4},
  pages={403--410},
  year={1988},
  publisher={IEEE}
}

@inproceedings{wolovich1984computational,
  title={A computational technique for inverse kinematics},
  author={Wolovich, William A and Elliott, H},
  booktitle={Decision and Control, 1984. The 23rd IEEE Conference on},
  pages={1359--1363},
  year={1984},
  organization={IEEE}
}

@article{Shi2016,
title = "Weighted augmented Jacobian matrix with a variable coefficient method for kinematics mapping of space teleoperation based on humanâ€“robot motion similarity ",
journal = "Advances in Space Research ",
volume = "",
number = "",
pages = " - ",
year = "2016",
note = "",
issn = "0273-1177",
doi = "http://dx.doi.org/10.1016/j.asr.2016.06.015",
author = "Zhong Shi and Xuexiang Huang and Tianjian Hu and Qian Tan and Yuzhuo Hou",
}

@phdthesis{colome2011smooth,
  title={Smooth Inverse Kinematics Algorithms for Serial Redundant Robots},
  author={Colom{\'e}, Adri{\`a}},
  year={2011}
}

@article{Garrido:Neuro:2015,
title = "Human behavior learning for robot in joint space ",
journal = "Neurocomputing ",
volume = "155",
number = "",
pages = "22 - 31",
year = "2015",
note = "",
issn = "0925-2312",
author = "Javier Garrido and Wen Yu and Alberto Soria",
}

@inproceedings{Calinon:HRI:2007,
 author = {Calinon, Sylvain and Billard, Aude},
 title = {Incremental Learning of Gestures by Imitation in a Humanoid Robot},
 booktitle = {ACM/IEEE HRI},
 year = {2007},
 location = {Arlington, Virginia, USA},
 pages = {255--262},

} 


@inproceedings{Pastor:ICRA:2009, 
author={P. Pastor and H. Hoffmann and T. Asfour and S. Schaal}, 
booktitle={ IEEE International Conference on Robotics and Automation (ICRA) }, 
title={Learning and generalization of motor skills by learning from demonstration}, 
year={2009}, 
pages={763-768},  
month={May},
}


@article{Mirrazavi:IJRR:2017,
 author = {Seyed Sina Mirrazavi Salehian AND Nadia Figueroa AND Aude Billard},
 title = {A Unified Framework for Coordinated Multi-Arm Motion Planning},
 journal = {Int. J. Rob. Res.},
 issue_date = {Accepted},
 volume = {},
 number = {},
 month = ,
 year = {2017},
 issn = {},
 pages = {},
 numpages = {},
 acmid = {},
 publisher = {Sage Publications, Inc.},
} 



@article{Gribovskaya:IJRR:2011,
 author = {Gribovskaya, E. and Khansari-Zadeh, S.M. and Billard, A.},
 title = {Learning Non-linear Multivariate Dynamics of Motion in Robotic Manipulators},
 journal = {Int. J. Rob. Res.},
 issue_date = {January   2011},
 volume = {30},
 number = {1},
 month = jan,
 year = {2011},
 issn = {0278-3649},
 pages = {80--117},
 numpages = {38},
 acmid = {1925931},
 publisher = {Sage Publications, Inc.},
} 
@inproceedings{Shon:HUM:2005,
  author = {Shon, Aaron P. and Grochow, Keith and Rao, Rajesh P. N.},
  booktitle = {Humanoids},
  isbn = {0-7803-9320-1},
  keywords = {dblp},
  pages = {129-134},
  publisher = {IEEE},
  title = {Robotic imitation from human motion capture using Gaussian processes.},
  year = {2005},
}

@article{Schaal:AI:2002,
 author = {Schaal, Stefan and Atkeson, Christopher G. and Vijayakumar, Sethu},
 title = {Scalable Techniques from Nonparametric Statistics for Real Time Robot Learning},
 journal = {Applied Intelligence},
 issue_date = {July-August 2002},
 volume = {17},
 number = {1},
 month = jun,
 year = {2002},
 issn = {0924-669X},
 pages = {49--60},
 numpages = {12},
 publisher = {Kluwer Academic Publishers},
} 


@inproceedings{Schaal:IROS:2003,
  address = {Las Vegas, NV, Oct. 27-31},
  author = {Schaal, S. and Peters, J. and Nakanishi, J. and Ijspeert, A.},
  booktitle = {IROS},
  keywords = {gradients imitation learning, learning,reinforcement motor policy primitives,},
  title = {Control, planning, learning, and imitation with dynamic movement primitives},
  year = {2003},
}
@article{Argall:RAS:2009,
  author = {Argall, Brenna and Chernova, Sonia and Veloso, Manuela M. and Browning, Brett},
  journal = {Robotics and Autonomous Systems},
  number = 5,
  pages = {469-483},
  title = {A survey of robot learning from demonstration.},
  volume = {57},
  year = {2009},
}

@article{Calinon:ISR:2015,
	year={2015},
	issn={1861-2776},
	journal={Intelligent Service Robotics},
	title={A tutorial on task-parameterized movement learning and retrieval},
	publisher={Springer Berlin Heidelberg},
	keywords={Probabilistic motion encoding; Task-parameterized movements; Task-adaptive models; Natural motion synthesis},
	author={Calinon, Sylvain},
	pages={1-29},
	language={English}
}

@inproceedings{calinon2005recognition,
  title={Recognition and reproduction of gestures using a probabilistic framework combining PCA, ICA and HMM},
  author={Calinon, Sylvain and Billard, Aude},
  booktitle={Proceedings of the 22nd ICML Conference},
  pages={105--112},
  year={2005},
}

@book{Corke11a,
	Author = {Peter I. Corke},
	ISBN = {978-3-642-20143-1},
	Publisher = {Springer},
	Title = {Robotics, Vision \& Control: Fundamental Algorithms in Matlab},
	Year = {2011}
}
	
@inproceedings{lofberg2004yalmip,
  title={YALMIP: A toolbox for modeling and optimization in MATLAB},
  author={Lofberg, Johan},
  booktitle={Computer Aided Control Systems Design, 2004 IEEE International Symposium on},
  pages={284--289},
  year={2004},
}

@MISC{Maaten08dimensionalityreduction,
    author = {L.J.P. van der Maaten and E. O. Postma and H. J. van den Herik},
    title = { Dimensionality Reduction: A Comparative Review},
    year = {2008}
}

@article{Neumann:RAS:2015,
 author = {Neumann, Klaus and Steil, Jochen J.},
 title = {Learning Robot Motions with Stable Dynamical Systems Under Diffeomorphic Transformations},
 journal = {Robot. Auton. Syst.},
 issue_date = {August 2015},
 volume = {70},
 number = {C},
 month = aug,
 year = {2015},
 issn = {0921-8890},
 pages = {1--15},
 numpages = {15},
 acmid = {2792385},
 publisher = {North-Holland Publishing Co.},
 address = {Amsterdam, The Netherlands, The Netherlands},
} 



@article{Kronander:RAS:2015,
 author = {Kronander, K. and Khansari, M. and Billard, A.},
 title = {Incremental Motion Learning with Locally Modulated Dynamical Systems},
 journal = {Robot. Auton. Syst.},
 issue_date = {August 2015},
 volume = {70},
 number = {C},
 month = aug,
 year = {2015},
 issn = {0921-8890},
 pages = {52--62},
 numpages = {11},
 acmid = {2792396},
 publisher = {North-Holland Publishing Co.},
 address = {Amsterdam, The Netherlands, The Netherlands},
 keywords = {Dynamical systems, Motion modeling, Robotics},
} 

@book{Bishop:PRM:2006,
	author = {Bishop, Christopher M.},
	title = {Pattern Recognition and Machine Learning (Information Science and Statistics)},
	year = {2006},
	isbn = {0387310738},
	publisher = {Springer-Verlag New York, Inc.},
	address = {Secaucus, NJ, USA},
} 

@article{emedi2016fixed,
  title={Fixed-structure LPV discrete-time controller design with induced l 2-norm and H 2 performance},
  author={Emedi, Zlatko and Karimi, Alireza},
  journal={International Journal of Control},
  volume={89},
  number={3},
  pages={494--505},
  year={2016},
}


@ARTICLE{7439839,
author={S. S. M. Salehian and M. Khoramshahi and A. Billard},
journal={IEEE Transactions on Robotics},
title={A Dynamical System Approach for Softly Catching a Flying Object: Theory and Experiment},
year={2016},
volume={32},
number={2},
pages={462-471},
month={April},}

@article{fateh2008transforming,
  title={On the Transforming of Control Space by Manipulator Jacobian},
  author={Fateh, Mohammad Mehdi and Farhangfard, Hasan},
  journal={International Journal of Control, Automation, and Systems},
  volume={6},
  number={1},
  pages={101--108},
  year={2008}
}

@INPROCEEDINGS{Salehian-RSS-16, 
    AUTHOR    = {Seyed Sina Mirrazavi Salehian AND Nadia Figueroa AND Aude Billard}, 
    TITLE     = {Coordinated multi-arm motion planning: Reaching for moving objects in the face of uncertainty}, 
    BOOKTITLE = {Proceedings of Robotics: Science and Systems}, 
    YEAR      = {2016}, 
    ADDRESS   = {Ann-Arbor, Michigan}, 
    MONTH     = {June}, 
    DOI       = {10.15607/RSS.2016.XII.019} 
} 
  
  @article{kim2014catching,
    title={Catching objects in flight},
    author={Kim, Seungsu and Shukla, Ashwini and Billard, Aude},
    journal={IEEE Transactions on Robotics},
    volume={30},
    number={5},
    pages={1049--1065},
    year={2014},
    publisher={IEEE}
  }
  
  @article{schaal2002scalable,
    title={Scalable techniques from nonparametric statistics for real time robot learning},
    author={Schaal, Stefan and Atkeson, Christopher G and Vijayakumar, Sethu},
    journal={Applied Intelligence},
    volume={17},
    number={1},
    pages={49--60},
    year={2002},
    publisher={Springer}
  }
  
@INPROCEEDINGS{figueroa2016HRIrolling, 
  	
  	author={N. Figueroa and A. L. P. Ureche and A. Billard}, 
  	
  	booktitle={2016 11th ACM/IEEE HRI Conference}, 
  	
  	title={Learning complex sequential tasks from demonstration: A pizza dough rolling case study}, 
  	
  	year={2016}, 
  	
  	pages={611-612}, 
  	
  	month={March},}
  
@ARTICLE{ureche2015taskconst, 
  	
  	author={Ureche, A.L.P. and Umezawa, K. and Nakamura, Y. and Billard, A.}, 
  	
  	journal={Robotics, IEEE Transactions on}, 
  	
  	title={Task Parameterization Using Continuous Constraints Extracted From Human Demonstrations}, 
  	
  	year={2015}, 
  	
  	volume={31}, 
  	
  	number={6}, 
  	
  	pages={1458-1471}, 
  	
  	month={Dec},}
  
@ARTICLE{colome2015clik, 
	author={A. ColomÃ© and C. Torras}, 
	journal={IEEE/ASME Transactions on Mechatronics}, 
	title={Closed-Loop Inverse Kinematics for Redundant Robots: Comparative Assessment and Two Enhancements}, 
	year={2015}, 
	volume={20}, 
	number={2}, 
	pages={944-955}, 
	ISSN={1083-4435}, 
	month={April},}  

@Article{hersch2008reaching,
	
	author = 	 {M. Hersch and A. Billard},
	
	title = 	 {Reaching with concurrent dynamical systems},
	
	journal = 	 {Autonomous robots},
	
	year = 	 {2008}
	
}

@book{jolliffe1986pca,
	author = {Jolliffe, I.T.},
	publisher = {Springer Verlag},
	title = {Principal Component  Analysis},
	year = 1986
}

@article{nadaraya1964regress,
	author = {Nadaraya, E.},
	citeulike-article-id = {1055490},
	journal = {Theory of Prob. and Appl.},
	keywords = {bibtex-import},
	pages = {141--142},
	posted-at = {2007-01-20 09:02:17},
	priority = {2},
	title = {{On estimating regression}},
	volume = {9},
	year = {1964}
}
@ARTICLE{watson1964regress,
	AUTHOR = {Watson, Geoffrey S.},
	TITLE = {Smooth regression analysis},
	YEAR = {1964},
	JOURNAL = {Sankhy\=a Ser.},
	VOLUME = {26},
	PAGES = {359--372},
	KEYWORDS = {}
}

@phdthesis{sung2004gmr,
	author = {Sung, Hsi G.},
	school = {Rice University, Houston, Texas},
	title = {{Gaussian mixture regression and classification}},
	year = {2004}
}


@article{petrivc2013smooth,
  title={Smooth continuous transition between tasks on a kinematic control level: Obstacle avoidance as a control problem},
  author={Petri{\v{c}}, Tadej and {\v{Z}}lajpah, Leon},
  journal={Robotics and Autonomous Systems},
  volume={61},
  number={9},
  pages={948--959},
  year={2013},
}

@Article{Cruse1987humanarm,
	author="Cruse, H.
	and Br{\"u}wer, M.",
	title="The human arm as a redundant manipulator: The control of path and joint angles",
	journal="Biological Cybernetics",
	year="1987",
	volume="57",
	number="1",
	pages="137--144",
}

@Article{Okadome1999arm,
	author="Okadome, Takesi
	and Honda, Masaaki",
	title="Kinematic construction of the trajectory of sequential arm movements",
	journal="Biological Cybernetics",
	year="1999",
	volume="80",
	number="3",
	pages="157--169",
}

